@String{LNCS = "Lecture Notes in Computer Science"}
@string{lncs = {Lecture Notes in Computer Science}}
@String{NY = "New York, NY"}
@string{ny = {New York, NY}}
@String{SV = "Springer-Verlag"}
@string{acm = {ACM}}
@string{ieeetse = {IEEE Transactions on Software Engineering}}
@string{jacm = {Journal of the ACM}}
@String{JOT = "Journal of Object Technology"}
@string{mitlcs = {Massachusetts Institute of Technology, Laboratory for Computer Science}}
@string{popl = {Annual ACM Symposium on Principles of Programming Languages}}
@string{pub-sv = {Springer--Verlag}}
@string{sigplan = {ACM SIGPLAN Notices}}

%%%%%%%%%%%%%%%%%%%%%%%%%%%%%%%%%%%%%%%%%%%%%%%%%%%%%%%%%%%%%%%%%%%%%%

@article{Cok-2014-OpenJML,
title={{OpenJML: Software verification for Java 7 using JML, OpenJDK, and Eclipse}},
  author={David R. Cok},
  journal = {{Electronic Proceedings in Theoretical Computer Science (EPTCS)}},
  year={2014},
  note={To appear.}
}

@unpublished{Cok-2013-SPEEDY,
title={SPEEDY: An Eclipse-based IDE for invariant inference},
  author={ David R. Cok and Scott C. Johnson},
  note={To appear},
  year={2013}
}

@incollection {Cok-2011-jSMTLIB,
year={2011},
isbn={978-3-642-20397-8},
booktitle={NASA Formal Methods},
volume={6617},
series={Lecture Notes in Computer Science},
editor={Bobaru, Mihaela and Havelund, Klaus and Holzmann, GerardJ. and Joshi, Rajeev},
doi={10.1007/978-3-642-20398-5\_36},
title={{jSMTLIB: Tutorial, Validation and Adapter Tools for SMT-LIBv2}},
publisher={Springer Berlin Heidelberg},
keywords={SMT solvers; SMT-LIB; validation; software verification; automated reasoning; jSMTLIB; OpenJML},
author={Cok, David R.},
pages={480-486}
} % url={http://dx.doi.org/10.1007/978-3-642-20398-5\_36},



@incollection {Cok-2011-OpenJML,
year={2011},
isbn={978-3-642-20397-8},
booktitle={NASA Formal Methods},
volume={6617},
series={Lecture Notes in Computer Science},
editor={Bobaru, Mihaela and Havelund, Klaus and Holzmann, GerardJ. and Joshi, Rajeev},
doi={10.1007/978-3-642-20398-5\_35},
title={{OpenJML: JML for Java 7 by Extending OpenJDK}},
publisher={Springer Berlin Heidelberg},
keywords={OpenJML; JML; specification; verification; OpenJDK; ESC/Java2},
author={Cok, David R.},
pages={472-479}
} % url={http://dx.doi.org/10.1007/978-3-642-20398-5\_35},



%%%%%%%%%%%%%%%%%%%%%%%%%%%%%%%%%%%%%%%%%%%%%%%%%%%%%%

@article {Cok-2010-ImprovedUsability,
   author = {Cok, David},
   affiliation = {Eastman Kodak Company, Rochester, NY USA},
   title = {Improved usability and performance of SMT solvers for debugging specifications},
   journal = {International Journal on Software Tools for Technology Transfer (STTT)},
   publisher = {Springer Berlin / Heidelberg},
   issn = {1433-2779},
   keyword = {Computer Science},
   pages = {467-481},
   volume = {12},
   issue = {6},
   url = {http://dx.doi.org/10.1007/s10009-010-0138-x},
   note = {10.1007/s10009-010-0138-x},
   year = {2010}
}

%%%%%%%%%%%%%%%%%%%%%%%%%%%%%%%%%%%%%%%%%

@Unpublished{Leavens-etal09,
  author =	{Gary T. Leavens and Erik Poll and Curtis Clifton and
		 Yoonsik Cheon and Clyde Ruby and David R. Cok and Peter
		 M\"{u}ller and Joseph Kiniry and Patrice Chalin and
		 Daniel M. Zimmerman},
  title =	"{JML} Reference Manual",
  month =	sep,
  year = 	"2009",
  note = 	"Available from \url{http://www.jmlspecs.org}",
}

%%%%%%%%%%%%%%%%%%%%%%%%%%%%%%%%%%%%%%%%%%

@Unpublished{Leavens-etal08,
  Author =	 {Gary T. Leavens and Erik Poll and Curtis Clifton and
                  Yoonsik Cheon and Clyde Ruby and David R. Cok and
                  Peter M\"{u}ller and Joseph Kiniry and Patrice Chalin
                  and Daniel M. Zimmerman},
  Title =	 {{JML Reference Manual}},
  Month =	 may,
  Year =	 2008,
  Note =	 {Available from \url{http://www.jmlspecs.org}}
}


@inproceedings{Cok08,
 author = {David R. Cok},
 title = {Detecting erroneous assumptions when verifying software using {SMT} solvers},
 booktitle = {AFM'08: Third Workshop on Automated Formal Methods},
 year = {2008},
 isbn = {1-59593-586-X},
 pages = {21--30},
 location = {Princeton, New Jersey},
 publisher = {ACM},
 }

%%%%%%%%%%%%%%%%%%%%%%%%%%%%%%%%%%%%%%%%%

@Unpublished{Leavens-etal07,
  Author =	 {Gary T. Leavens and Erik Poll and Curtis Clifton and
                  Yoonsik Cheon and Clyde Ruby and David R. Cok and
                  Peter M\"{u}ller and Joseph Kiniry and Patrice Chalin},
  Title =	 {{JML Reference Manual}},
  Month =	 feb,
  Year =	 2007,
  Note =	 {Department of Computer Science, Iowa State
                  University. Available from
                  {\url{http://www.jmlspecs.org}}}
}


%%%%%%%%%%%%%%%%%%%%%%%%%%%%%%%%%%%%%%%%%%%

@InProceedings{Cok06,
  author =	 {David R. Cok},
  title = 	 {Specifying {J}ava Iterators with {JML} and {Esc/Java2}},
  booktitle =	 {Fifth International Workshop on Specification and Verification of Component-Based Systems (SAVCBS 2006)},
  pages =	 {71-74},
  year =	 2006,
  month =	 nov,
  organization = ACM,
  URL = 	 {http://www.cs.iastate.edu/~leavens/SAVCBS/2006/challenges/Cok.pdf}
}




@Unpublished{Leavens-etal06,
  Author =	 {Gary T. Leavens and Erik Poll and Curtis Clifton and
                  Yoonsik Cheon and Clyde Ruby and David R. Cok and
                  Peter M\"{u}ller and Joseph Kiniry and Patrice Chalin},
  Title =	 {{JML} Reference Manual},
  Month =	 aug,
  Year =	 2006,
  Note =	 {Department of Computer Science, Iowa State
                  University. Available from
                  {\url{http://www.jmlspecs.org}}}
}

%%%%%%%%%%%%%%%%%%%%%%%%%%%%%%%%%%%%%%%%%%%%%%

@Unpublished{Leavens-etal05a,
  Author =	 {Gary T. Leavens and Erik Poll and Curtis Clifton and
                  Yoonsik Cheon and Clyde Ruby and David R. Cok and
                  Peter M\"{u}ller and Joseph Kiniry},
  Title =	 {{JML} Reference Manual},
  Month =	 jul,
  Year =	 2005,
  Note =	 {Department of Computer Science, Iowa State
                  University. Available from
                  {\url{http://www.jmlspecs.org}}}
}


@InProceedings{Kiniry-Cok05,
  author = "David R. Cok and Joseph R. Kiniry",
  title = "{ESC/Java2}: Uniting {ESC/Java} and {JML}: Progress and
                  issues in building and using {ESC/Java2}, including
                  a case study involving the use of the tool to
                  verify portions of an {Internet} voting tally system",
  booktitle = "Construction and Analysis of Safe,
               Secure, and Interoperable Smart Devices (CASSIS 2004)",
  editor = "Gilles Barthe and Lilian Burdy and Marieke Huisman and Jean-Louis Lanet and Traian Muntean",
  year = 2005,
  pages = "108-128",
  series = LNCS,
  publisher = SV,
  doi={10.1007/b105030},
  volume = 3362
}



@unpublished{Cok05a,
        Author={David R. Cok},
        Title={Issues in deploying software defect detection tools},
        Note={Presented at the Workshop on the evaluation of software defect detection tools, co-located with SIGPLAN PLDI 2005},
        Month={June},
        Year={2005},
        URL={http://www.cs.umd.edu/%7Epugh/BugWorkshop05/presentations/3-adoptation/Cok-BUGS05.pdf}
}



@ARTICLE{Cok05,
  AUTHOR =	 {David R. Cok},
  TITLE =	 {Reasoning with specifications containing method calls and model fields},
  journal =	 JOT,
  VOLUME =       4,
  NUMBER =       8,
  PAGES =        {77-103},
  YEAR =	 2005,
  URL = {http://www.jot.fm/issues/issue_2005_10/article4}
}



@Article{Burdy-etal05,
  author = 	 {Lilian Burdy and Yoonsik Cheon and David R. Cok and 
                   Michael D. Ernst and Joseph R. Kiniry and Gary T. Leavens and 
                   K. Rustan M. Leino and Erik Poll},
  title = 	 {An overview of {JML} tools and applications},
  journal = 	 {International Journal on Software Tools 
                  for Technology Transfer (STTT)},
  volume =       7,
  number =       3,
  month =        jun,
  year = 	 {2005},
  publisher =    SV,
  pages =        {212--232},
  doi={10.1007/s10009-004-0167-4},
  annotate =     {93 references.}
}



@TechReport{Leavens-Cheon-Cok05,
  Author =	 "Gary T. Leavens and Yoonsik Cheon and David R. Cok",
  Title =	 "Demonstration of {JML} Tools",
  Institution =	 "Iowa State University, Department of Computer
                  Science",
  Address =	 "226 Atanasoff Hall, Ames IA 50011",
  Year =	 2005,
  Number =	 "05-13",
  Month =	 apr,
  Note =	 "Available by anonymous ftp from ftp.cs.iastate.edu.",
  URL = 	 {ftp://ftp.cs.iastate.edu/pub/techreports/TR05-13/TR.pdf},
  Annote =	 "14 references."
}



@Article{Leavens-etal05,
  Author =	 {Gary T. Leavens and Yoonsik Cheon and Curtis Clifton
                  and Clyde Ruby and David R. Cok},
  Title =	 {How the Design of {JML} Accommodates Both Runtime
                  Assertion Checking and Formal Verification},
  Journal =	 {Science of Computer Programming},
  Year =	 2005,
  Month =        mar,
  Volume =       55,
  Number =       {1-3},
  Publisher =	 {Elsevier},
  Pages =        {185-208},
  URL =          {http://dx.doi.org/10.1016/j.scico.2004.05.015}
}



@Unpublished{Leavens-Cok-05,
	Author={Gary T. Leavens and David R. Cok},
	Title={Adapting Observational Purity to {JML}},
	Note={Presented at IFIP WG 2.3},
	Month={June},
	Year ={2005}
	}

%%%%%%%%%%%%%%%%%%%%%%%

@unpublished{Cok-Kiniry04b,
	Author = {David R. Cok and Joseph Kiniry},
	Month = May,
	Note = {Presented at CASSIS 2004},
	Title = {{ESC/Java2}: Uniting {ESC/Java} and {JML}. {P}rogress and issues in building and using {ESC/Java2} and a report on a case study involving the use of {ESC/Java2} to verify portions of an Internet voting tally system},
	Year = 2004}

@techreport{Cok-Kiniry04,
	Author = {David R. Cok and Joseph Kiniry},
	Institution = {University of Nijmegen},
	Note = {{NIII Technical Report NIII-R0413}.},
	Title = {{ESC/J}ava2: Uniting {ESC/J}ava and {JML}},
	Url = {http://www.cs.kun.nl/research/reports},
	Year = {2004}}


@InProceedings{Cok04,
  author = {David R. Cok},
  title = {Reasoning with specifications containing method calls in {JML} and first-order provers},
  editor =       {Erik Poll},
  booktitle="ECOOP Workshop FTfJP'2004 Formal Techniques for Java-like Programs",
  Month = jun,
  Year =  2004,
  Pages="41-48",
  URL = "\url{http://www.cs.ru.nl/~erikpoll/ftfjp/2004/SpecificationsWithMethodCalls.pdf}"
}

@unpublished{Cok04b,
	Author = {David R. Cok},
	Month = May,
	Note = {Final version, as revised, for FTfJP at ECOOP2004},
	Title = {Reasoning with specifications containing method calls in {JML} and first-order provers},
	Year = 2004}


%%%% Should be Kiniry-Cok05
@InProceedings{Kiniry-Cok04,
  author = "David R. Cok and Joseph R. Kiniry",
  title = "{ESC/Java2}: Uniting {ESC/Java} and {JML}: Progress and
                  issues in building and using {ESC/Java2}, including
                  a case study involving the use of the tool to
                  verify portions of an {Internet} voting tally system",
  booktitle = "Construction and Analysis of Safe,
               Secure, and Interoperable Smart devices (CASSIS 2004)",
  editor = "Gilles Barthe and Lilian Burdy and Marieke Huisman and Jean-Louis Lanet and Traian Muntean",
  year = 2005,
  pages = "108-128",
  series = LNCS,
  publisher = SV,
  URL ={http://dx.doi.org/10.1007/b105030},
  volume = 3362
}


@unpublished{Leavens-etal04a,
	Author = {Gary T. Leavens and Erik Poll and Curtis Clifton and Yoonsik Cheon and Clyde Ruby and David R. Cok and Joseph Kiniry},
	Key = {Leavens \& Poll \& Clifton \& Cheon \& Ruby},
	Month = Jul,
	Note = {Department of Computer Science, Iowa State University. Available from {\url{http://www.jmlspecs.org}}},
	Title = {JML Reference Manual},
	Year = 2004}



%%%%%%%%%%%%%%%%%%%

@InProceedings{Burdy-etal03,
  author =	 {Lilian Burdy and Yoonsik Cheon and David R. Cok and
                  Michael D. Ernst and Joseph R. Kiniry and Gary T. Leavens and
                  K. Rustan M. Leino and Erik Poll},
  title =	 {An overview of {JML} tools and applications},
  booktitle =	 {Eighth International Workshop on Formal Methods for
                  Industrial Critical Systems (FMICS 03)},
  pages =	 {73-89},
  year =	 {2003},
  editor =	 {Thomas Arts and Wan Fokkink},
  volume =	 {80},
  series =	 {Electronic Notes in Theoretical Computer Science
                  (ENTCS)},
  month =	 {June},
  publisher =	 {Elsevier},
  annote =	 {42 references.},
  doi = {10.1016/S1571-0661(04)80810-7}
}



@techreport{Burdy-etal03a,
	Annote = {42 references.},
	Author = {Lilian Burdy and Yoonsik Cheon and David Cok and Michael Ernst and Joe Kiniry and Gary T. Leavens and K. Rustan M. Leino and Erik Poll},
	Institution = {Dept. of Computer Science, University of Nijmegen},
	Number = {NIII-R0309},
	Title = {An overview of {JML} tools and applications},
	Url = {ftp://ftp.cs.iastate.edu/pub/leavens/JML/jml-white-paper.pdf},
	Year = {2003}}


@incollection{Leavens-etal03a,
	Address = {Berlin},
	Annote = {81 references.},
	Author = {Gary T. Leavens and Yoonsik Cheon and Curtis Clifton and Clyde Ruby and David R. Cok},
	Booktitle = {Formal Methods for Components and Objects: First International Symposium, FMCO 2002, Leiden, The Netherlands, November 2002, Revised Lectures},
	Editor = {Frank S. de Boer and Marcello M. Bonsangue and Susanne Graf and Willem-Paul de Roever},
	Key = {Leavens, {\em et al.}},
	Publisher = pub-sv,
	Series = LNCS,
	Title = {How the Design of {JML} Accommodates Both Runtime Assertion Checking and Formal Verification},
	Url = {ftp://ftp.cs.iastate.edu/pub/techreports/TR03-04/TR.pdf},
	Volume = 2852,
	Year = 2003}

@techreport{Leavens-etal03b,
	Address = {Ames, Iowa, 50011},
	Annote = {81 references.},
	Author = {Gary T. Leavens and Yoonsik Cheon and Curtis Clifton and Clyde Ruby and David R. Cok},
	Institution = {Department of Computer Science, Iowa State University},
	Key = {Leavens, {\em et al.}},
	Month = Mar,
	Note = {Published in FMCO 2002 proceedings, LNCS 2852, 2003.},
	Number = {03-04},
	Title = {How the Design of {JML} Accommodates Both Runtime Assertion Checking and Formal Verification},
	Url = {ftp://ftp.cs.iastate.edu/pub/techreports/TR03-04/TR.pdf},
	Year = 2003}


@unpublished{Leavens-etal03,
	Author = {Gary T. Leavens and Erik Poll and Curtis Clifton and Yoonsik Cheon and Clyde Ruby and David R. Cok and Joseph Kiniry},
	Key = {Leavens \& Poll \& Clifton \& Cheon \& Ruby},
	Month = Apr,
	Note = {Department of Computer Science, Iowa State University. Available from {\url{http://www.jmlspecs.org}}},
	Title = {JML Reference Manual},
	Year = 2003}


%%%%%%%%%%%%%%%%%%%%%%%%%%%%%%%%%%%%%%%%%%%%%%%%%%%%%%%%%%%%%%%%%%%%%%%%%%%%%%%%%%%%%%%%%%%%%%%%%%%%%%%%%%%

%%%%%%%%%%%%%%%%%%%%%%%%%%%%%%%%%%%%%%%%%%%%%%%%%%%%%%%%%%%%%%%%%%%%%%%%%%%%%%%%%%%%%%%%%%%%%%%%%%%%%%%%%%%

@Unpublished{Kiniry+-Tutorial-TOOLS08,
	Author={Joseph Kiniry and Dan Zimmerman and Gary T. Leavens and Erik Poll and David R. Cok and Fintan Fairmichael and Dan Zimmerman},
	Title={Verification-centric development in {Java} with {JML} and {ESC/Java2}},
	Note={Tutorial submitted to TOOLS 2008, taught by D. Zimmerman and F. Fairmichael},
	Month={July},
	Year ={2008},
	URL={http://kind.ucd.ie/documents/tutorials/tools08.html}
	}


@Unpublished{Kiniry+-Tutorial-ETAPS09,
	Author={Joseph Kiniry and Dan Zimmerman and Gary T. Leavens and Erik Poll and David R. Cok },
	Title={Verification-centric development in {Java} with {JML} and {ESC/Java2}},
	Note={Tutorial accepted at ETAPS 2009},
	Month={March},
	Year ={2009},
	URL={http://kind.ucd.ie/documents/tutorials/etaps09.html}
	}
	
@Unpublished{Kiniry+-Tutorial-ETAPS08,
	Author={Joseph Kiniry and Dan Zimmerman and Gary T. Leavens and Erik Poll and David R. Cok},
	Title={Verification-centric development in {Java} with {JML} and {ESC/Java2}},
	Note={Tutorial at ETAPS 2008, taught by J. Kiniry},
	Month={March},
	Year ={2008},
	URL={http://kind.ucd.ie/documents/tutorials/etaps08.html}
	}



