@InProceedings{BarST-SMT-10,
  author =	 {Clark Barrett and Aaron Stump and Cesare Tinelli},
  title =	 {{The SMT-LIB Standard: Version 2.0}},
  year =	 2010,
  booktitle =	 {Proceedings of the 8th International Workshop on
                  Satisfiability Modulo Theories (Edinburgh, UK)},
  editor =	 {A.~Gupta and D.~Kroening},
}

@Article{PSS02,
    Author       = "Pelletier, F.J. and Sutcliffe, G. and Suttner, C.B.",
    Year         = "2002",
    Title        = "{The Development of CASC}",
    Journal      = "AI Communications",
    Volume       = "15",
    Number       = "2-3",
    Pages        = "79-90"
}

@inproceedings{leberre+03,
  author= "D. Le Berre and L. Simon",
  title={{The essentials of the SAT 2003 competition}},
  booktitle="Sixth International Conference on Theory and Applications of Satisfiability Testing",
  volume=2919,
  year=2003,
  series="LNCS",
  pages="452--467",
  publisher="Springer-Verlag"
}

@TechReport{Cok-SMTLIBTutorial-2011,
  author="D. R. Cok",
  institution={{GrammaTech, Inc.}},
  title={{The SMT-LIBv2 Language and Tools: A Tutorial}},
  year={2011},
  url={www.grammatech.com/resources/smt/SMTLIBTurorial.pdf}

}

@inproceedings{ag+rb+12,
  author= "R. Bruttomesso and A. Griggio",
  title={{Broadening the Scope of SMT-COMP: the Application Track}},
  booktitle="First International Conference on Comparative Empirical Evaluation of Reasoning Systems",
  year=2012,
  url={http://compare2012.verifythis.org/}
}

@article {springerlink:10.1007/s10817-012-9246-5,
   author = {Barrett, Clark and Deters, Morgan and de Moura, Leonardo and Oliveras, Albert and Stump, Aaron},
   affiliation = {New York University, 70 Washington Square South, New York, NY 10012, USA},
   title = {6 Years of SMT-COMP},
   journal = {Journal of Automated Reasoning},
   year = {2012},
   publisher = {Springer Netherlands},
   issn = {0168-7433},
   keyword = {Computer Science},
   pages = {1-35},
   url = {http://dx.doi.org/10.1007/s10817-012-9246-5},
   note = {10.1007/s10817-012-9246-5},

}